@article{headlessBrowsers,
    url = {https://github.com/dhamaniasad/HeadlessBrowsers}
}

@article{semanticWebLanguageBased,
    url = {https://www.sciencedirect.com/science/article/pii/S1474034624002350}
}

@article{semanticWebControlledEnglish,
    url = {https://dl.acm.org/doi/10.5555/1809268.1809274}
}

@article{semanticWebAce,
    url = {https://www.researchgate.net/publication/28584942_Attempto_Controlled_English_as_a_Semantic_Web_Language}
}

@article{llmAsDataTranslator,
    url = {https://arxiv.org/html/2506.11141v1}
}

@article{llmForIntegratingHeterogenousData,
    url = {https://www.sciencedirect.com/science/article/pii/S0169023X24000375}
}

@article{neuroSymbolicAi,
    url = {https://arxiv.org/abs/1904.12584}
}
